% Encoding: windows-1252


@Article{aboh:2006,
  Title                    = {Book Review: {Zygmunt Frajzyngier}, A grammar of {Lele}},
  Author                   = {Enoch O. Aboh},
  Journal                  = {Lingua},
  Year                     = {2006},
  Pages                    = {497--505},
  Volume                   = {116},
  Owner                    = {Norman},
  Timestamp                = {2013.10.01}
}

@Article{aboh:2007,
  Title                    = {Leftward Focus versus Rightward Focus: the {Kwa--Bantu} Conspiracy},
  Author                   = {Enoch O. Aboh},
  Journal                  = {SOAS Working Papers in Linguistics},
  Year                     = {2007},
  Pages                    = {81--104},
  Volume                   = {15},
  Owner                    = {Norman},
  Timestamp                = {2013.10.16}
}

@InCollection{aboh-pfau:2011,
  Title                    = {What's a wh-word got to do with it?},
  Author                   = {Enoch O. Aboh and Roland Pfau},
  Booktitle                = {Mapping the left periphery},
  Publisher                = {Oxford University Press},
  Year                     = {2011},
  Address                  = {Oxford},
  Editor                   = {Paola Beninc\`a and Nicola Munaro},
  Pages                    = {91--124},
  Series                   = {The cartography of syntactic structures},
  Volume                   = {5},
  Owner                    = {Norman},
  Timestamp                = {2013.10.01}
}

@Article{baker:1970,
  Title                    = {Notes on the description of {English} questions},
  Author                   = {Baker, C. Lee},
  Journal                  = {Foundations of Language},
  Year                     = {1970},
  Pages                    = {197-219},
  Volume                   = {6},
  Owner                    = {Equivocal},
  Timestamp                = {2007.01.10}
}

@InCollection{baker:1999,
  Title                    = {On the Interplay of the Universal and the Particular: Case Studies in {Edo}},
  Author                   = {Mark Baker},
  Booktitle                = {Proceedings of the 35th Annual Meeting of the Chicago Linguistics Society},
  Publisher                = {University of Chicago Press},
  Year                     = {1999},
  Address                  = {Chicago},
  Editor                   = {Sabrina J. Billings and John P. Boyle and Aaron M. Griffith},
  Pages                    = {265--290},
  Owner                    = {Norman},
  Timestamp                = {2013.09.12}
}

@InCollection{barss:1992,
  Title                    = {Logical form and barriers in {Navajo}},
  Author                   = {Andrew Barss and Ken Hale and Ellavina Tsosie Perkins and Margaret Speas},
  Booktitle                = {Logical structure and linguistic structure: Cross-linguistic perspectives},
  Publisher                = {Kluwer},
  Year                     = {1992},
  Address                  = {Dordrecht},
  Editor                   = {C. T. James Huang and Robert May},
  Pages                    = {25-48},
  Owner                    = {Norman},
  Timestamp                = {2010.09.17}
}

@PhdThesis{beck:1996,
  Title                    = {Wh-constructions and transparent {Logical Form}},
  Author                   = {Sigrid Beck},
  School                   = {Universit\"{a}t T\"{u}bingen},
  Year                     = {1996},
  Owner                    = {Norman},
  Timestamp                = {2007.01.11}
}

@Article{beck:2006,
  Title                    = {Intervention effects follow from focus interpretation},
  Author                   = {Sigrid Beck},
  Journal                  = {Natural Language Semantics},
  Year                     = {2006},
  Pages                    = {1--56},
  Volume                   = {14},
  Owner                    = {Norman},
  Timestamp                = {2010.09.10}
}

@Article{beck-kim:1997,
  Title                    = {On Wh- and operator scope in {Korean}},
  Author                   = {Sigrid Beck and Shin-Sook Kim},
  Journal                  = {Journal of East Asian Linguistics},
  Year                     = {1997},
  Pages                    = {339--384},
  Volume                   = {6},
  Owner                    = {Norman},
  Timestamp                = {2010.09.02}
}

@Article{biberauer-sheehan:2011,
  Title                    = {Introduction: Particles through a modern Syntactic lens},
  Author                   = {Theresa Biberauer and Michelle Sheehan},
  Journal                  = {The Linguistic Review},
  Year                     = {2011},
  Number                   = {4},
  Pages                    = {387--410},
  Volume                   = {28},
  Owner                    = {norman},
  Timestamp                = {2015.09.03}
}

@Article{bobaljik:2002,
  Title                    = {A-chains at the {PF}-interface: Copies and `covert' movement},
  Author                   = {Johnathan David Bobaljik},
  Journal                  = {Natural Language and Linguistic Theory},
  Year                     = {2002},
  Pages                    = {197--267},
  Volume                   = {20}
}

@InCollection{boskovic:2005,
  Title                    = {Left branch extractions, structure of {NP}, and scrambling},
  Author                   = {Bo\v{s}kovi\'{c}, \v{Z}eljko},
  Booktitle                = {The free word order phenomenon: Its syntactic sources and diversity},
  Publisher                = {Berlin: Mouton de Gruyter},
  Year                     = {2005},
  Editor                   = {Joachim Sabel and Mamoru Saito},
  Pages                    = {13--73},
  Owner                    = {Norman},
  Timestamp                = {2010.09.28}
}

@InCollection{brandon-seki:1984,
  Title                    = {Moving interrogatives without an initial {+WH} node in {Tup\'i}},
  Author                   = {Frank Roberts Brandon and Lucy Ferreira Seki},
  Booktitle                = {The syntax of {Native American} Languages},
  Publisher                = {Academic Press},
  Year                     = {1984},
  Address                  = {London},
  Editor                   = {Eung-Do Cook and Donna B. Gerdts},
  Pages                    = {77--104},
  Series                   = {Syntax and Semantics},
  Volume                   = {16},
  Owner                    = {wny500},
  Timestamp                = {2013.06.24}
}

@InCollection{brody:1995,
  Title                    = {Focus and checking theory},
  Author                   = {Michael Brody},
  Booktitle                = {Approaches to {Hungarian} 5},
  Publisher                = {JATE Press},
  Year                     = {1995},
  Address                  = {Szeged},
  Editor                   = {Istv\'an Kenesei},
  Pages                    = {29--44},
  Owner                    = {Norman},
  Timestamp                = {2013.10.28}
}

@PhdThesis{bruening:2001,
  Title                    = {Syntax at the edge: Cross-clausal phenomena and the syntax of Passamaquoddy},
  Author                   = {Benjamin Bruening},
  School                   = {Massachusetts Institute of Technology},
  Year                     = {2001}
}

@Article{bruening:2007,
  Title                    = {Wh-in-situ does not correlate with Wh-indefinites or Question Particles},
  Author                   = {Benjamin Bruening},
  Journal                  = {Linguistic Inquiry},
  Year                     = {2007},
  Pages                    = {139-166},
  Volume                   = {38},
  Owner                    = {norman},
  Timestamp                = {2009.07.14}
}

@InCollection{burgess:1986,
  Title                    = {Focus and topic in {Xavante}},
  Author                   = {Eunice Burgess},
  Booktitle                = {Sentence initial devices},
  Publisher                = {SIL},
  Year                     = {1986},
  Editor                   = {Joseph E. Grimes},
  Pages                    = {27--44},
  Series                   = {{SIL International Publications in Linguistics}},
  Volume                   = {75},
  Owner                    = {wny500},
  Timestamp                = {2013.06.24}
}

@PhdThesis{cable:2007,
  Title                    = {The grammar of {Q}: {Q}-particles and the nature of wh-fronting, as revealed by the wh-questions of {Tlingit}},
  Author                   = {Seth Cable},
  School                   = {Massachusetts Institute of Technology},
  Year                     = {2007},
  Owner                    = {Norman},
  Timestamp                = {2010.08.10}
}

@PhdThesis{cheng:1991,
  Title                    = {On the typology of Wh-questions},
  Author                   = {Lisa Lai-Shen Cheng},
  School                   = {Massachusetts Institute of Technology},
  Year                     = {1991},
  Owner                    = {Norman},
  Timestamp                = {2007.03.07}
}

@Book{cheng:1997,
  Title                    = {On the Typology of Wh-questions},
  Author                   = {Lisa Lai-Shen Cheng},
  Publisher                = {Garland},
  Year                     = {1997},
  Address                  = {New York}
}

@InCollection{cheng-downing:2012,
  Title                    = {Against {FocusP}: evidence from {Zulu}},
  Author                   = {Lisa Lai-Shen Cheng and Laura J. Downing},
  Booktitle                = {Contrasts and positions in information structure},
  Publisher                = {CUP},
  Year                     = {2012},
  Address                  = {Cambridge},
  Editor                   = {Ivona Ku\v{c}etov\'a and Ad Neeleman},
  Pages                    = {247--266},
  Owner                    = {Norman},
  Timestamp                = {2013.10.16}
}

@Book{chomsky:1957,
  Title                    = {Syntactic Structures},
  Author                   = {Noam Chomsky},
  Publisher                = {Mouton},
  Year                     = {1957},
  Address                  = {Paris},
  Owner                    = {Norman},
  Timestamp                = {2013.07.03}
}

@Book{chomsky:1977a,
  Title                    = {Essays on form and interpretation},
  Author                   = {Noam Chomsky},
  Publisher                = {North-Holland},
  Year                     = {1977},
  Owner                    = {Norman},
  Timestamp                = {2013.12.01}
}

@InCollection{chomsky:1977b,
  Title                    = {On wh-movement},
  Author                   = {Noam Chomsky},
  Booktitle                = {Formal Syntax},
  Publisher                = {Academic Press},
  Year                     = {1977},
  Address                  = {New York},
  Editor                   = {Peter W. Culicover and Thomas Wasow and Adrian Akmajian},
  Pages                    = {71--132},
  Owner                    = {Norman},
  Timestamp                = {2013.12.01}
}

@Book{chomsky:1981,
  Title                    = {Lectures on Government and Binding},
  Author                   = {Noam Chomsky},
  Publisher                = {Foris},
  Year                     = {1981},
  Address                  = {Dordrecht},
  Owner                    = {Norman},
  Timestamp                = {2009.03.06}
}

@Book{chomsky:1986,
  Title                    = {Barriers},
  Author                   = {Noam Chomsky},
  Publisher                = {Cambridge, MA: MIT Press},
  Year                     = {1986},
  Owner                    = {Norman},
  Timestamp                = {2010.09.16}
}

@InCollection{chomsky:1993,
  Title                    = {A minimalist program for linguistic theory},
  Author                   = {Noam Chomsky},
  Booktitle                = {The view from {Building 20}: Essays in Linguistics in honor of {Sylvain Bromberger}, \emph{ed. by Kenneth Hale and Samuel Jay Keyser, 1-52 (reprinted as chapter 3 of Chomsky 1995)}},
  Publisher                = {Cambridge, MA: MIT Press},
  Year                     = {1993},
  Owner                    = {Equivocal},
  Timestamp                = {2007.05.15}
}

@InCollection{chomsky:2008,
  Title                    = {On Phases},
  Author                   = {Noam Chomsky},
  Booktitle                = {Foundational Issues in Linguistic Theory: Essays in Honor of {Jean-Roger Vergnaud}},
  Publisher                = {MIT Press},
  Year                     = {2008},
  Address                  = {Cambridge, MA},
  Editor                   = {Robert Freidin and Carlos Peregr\'{i}n Otero and Maria Luisa Zubizarreta},
  Pages                    = {133--166},
  Owner                    = {Norman},
  Timestamp                = {2007.12.18}
}

@Article{chomsky:2013,
  Title                    = {Problems of projection},
  Author                   = {Noam Chomsky},
  Journal                  = {Lingua},
  Year                     = {2013},
  Pages                    = {33--49},
  Volume                   = {130},
  Owner                    = {Norman},
  Timestamp                = {2014.11.11}
}

@InCollection{chomsky:2015,
  Title                    = {Problems of projection: Extensions},
  Author                   = {Noam Chomsky},
  Booktitle                = {Structures, Strategies and Beyond: Studies in honour of {Adriana Belletti}},
  Publisher                = {John Benjamins},
  Year                     = {2015},
  Address                  = {Amsterdam},
  Editor                   = {Elisa Di Domenico and Cornelia Hamann and Simona Matteini},
  Pages                    = {1--16},
  Owner                    = {Norman},
  Timestamp                = {2014.11.11}
}

@Article{chomsky-lasnik:1977,
  Title                    = {Filters and control},
  Author                   = {Noam Chomsky and Howard Lasnik},
  Journal                  = {Linguistic Inquiry},
  Year                     = {1977},
  Pages                    = {425--504},
  Volume                   = {8}
}

@Article{cole:1983,
  Title                    = {Subjacency and successive cyclicity: Evidence from {Ancash Quechua}},
  Author                   = {Peter Cole},
  Journal                  = {Journal of Linguistic Research},
  Year                     = {1983},
  Pages                    = {35--58},
  Volume                   = {2},
  Owner                    = {Norman},
  Timestamp                = {2013.12.03}
}

@Article{cole-hermon:1994,
  Title                    = {Is there {LF} wh-movement?},
  Author                   = {Peter Cole and Gabriella Hermon},
  Journal                  = {Linguistic Inquiry},
  Year                     = {1994},
  Pages                    = {239-262},
  Volume                   = {25},
  Owner                    = {Norman},
  Timestamp                = {2010.09.24}
}

@InCollection{dendikken:2003,
  Title                    = {On the morphosyntax of wh-movement},
  Author                   = {Marcel den Dikken},
  Booktitle                = {Multiple wh-fronting},
  Publisher                = {John Benjamins},
  Year                     = {2003},
  Address                  = {Amsterdam/Philadelphia},
  Editor                   = {Cedric Boeckx and Kleanthes K. Grohmann},
  Pages                    = {77--98},
  Owner                    = {Norman},
  Timestamp                = {2013.10.28}
}

@PhdThesis{denham:1997,
  Title                    = {A Minimalist Account of Optional Wh-movement},
  Author                   = {Kristin E. Denham},
  School                   = {University of Washington},
  Year                     = {1997},
  Owner                    = {Norman},
  Timestamp                = {2007.09.04}
}

@Article{denham:2000,
  Title                    = {Optional Wh-movement in {Babine-Witsuwit'en}},
  Author                   = {Kristin Denham},
  Journal                  = {Natural Language \& Linguistic Theory},
  Year                     = {2000},
  Pages                    = {199--251},
  Volume                   = {18},
  Owner                    = {Norman},
  Timestamp                = {2010.08.04}
}

@Article{downing:2011,
  Title                    = {Wh-questions in {Chewa} and {Tumbuka}: Positions and prosodies},
  Author                   = {Laura J. Downing},
  Journal                  = {ZAS Papers in Linguistics},
  Year                     = {2011},
  Pages                    = {23--46},
  Volume                   = {55},
  Owner                    = {Norman},
  Timestamp                = {2013.10.16}
}

@Book{evans:1995,
  Title                    = {A grammar of {Kayardild}},
  Author                   = {Nicholas D. Evans},
  Publisher                = {Mouton de Gruyter},
  Year                     = {1995},
  Address                  = {Berlin}
}

@Article{evans:1999,
  Title                    = {Why argument affixes in polysynthetic languages are not pronouns: evidence from {Bininj Gun}-wok},
  Author                   = {Nicholas Evans},
  Journal                  = {STUF - Language Typology and Universals},
  Year                     = {1999},
  Number                   = {3/4},
  Pages                    = {255--281},
  Volume                   = {52}
}

@InCollection{fanselow:2006,
  Title                    = {Partial Wh-movement},
  Author                   = {Gisbert Fanselow},
  Booktitle                = {The {Blackwell} Companion to Syntax},
  Publisher                = {Blackwell},
  Year                     = {2006},
  Address                  = {Oxford},
  Editor                   = {Martin Everaert and Henk van Riemsdijk},
  Pages                    = {437--492},
  Volume                   = {3},
  Owner                    = {Norman},
  Timestamp                = {2010.08.31}
}

@InCollection{fanselow-cavar:2000,
  Title                    = {Remarks on the economy of pronunciation},
  Author                   = {Gisbert Fanselow and Damir \'Cavar},
  Booktitle                = {Competition in syntax},
  Publisher                = {Mouton de Gruyter},
  Year                     = {2000},
  Address                  = {Berlin},
  Editor                   = {Gereon M\"uller and Wolfgang Sternefeld},
  Pages                    = {107--150}
}

@InCollection{fofc:2007,
  Title                    = {Disharmonic word-order systems and the {Final-over-Final-Constraint (FOFC)}},
  Author                   = {Theresa Biberauer and Anders Holmberg and Ian Roberts},
  Booktitle                = {Proceedings of {XXXIII Incontro di Grammatica Generativa}},
  Year                     = {2007},
  Owner                    = {norman},
  Timestamp                = {2015.09.03}
}

@Article{fofc:2014,
  Title                    = {A Syntactic Universal and Its Consequences},
  Author                   = {Theresa Biberauer and Anders Holmberg and Ian Roberts},
  Journal                  = {Linguistic Inquiry},
  Year                     = {2014},
  Owner                    = {norman},
  Timestamp                = {2015.09.03}
}

@Article{fox:2002,
  Title                    = {{ACD} and the copy theory of movement},
  Author                   = {Danny Fox},
  Journal                  = {Linguistic Inquiry},
  Year                     = {2002},
  Number                   = {1},
  Pages                    = {63--96},
  Volume                   = {33}
}

@Book{frajzyngier:2001,
  Title                    = {A grammar of {Lele}},
  Author                   = {Zygmunt Frajzyngier},
  Publisher                = {CSLI},
  Year                     = {2001},
  Address                  = {Stanford, CA},
  Owner                    = {Norman},
  Timestamp                = {2013.08.25}
}

@InCollection{gair-sumangala:1991,
  Title                    = {What to focus in {Sinhala}},
  Author                   = {James W. Gair and Lelwala Sumangala},
  Booktitle                = {{ESCOL} '91: Proceedings of the Eighth Eastern States Conference on Linguistics},
  Publisher                = {Ohio State University Working Papers},
  Year                     = {1991},
  Address                  = {Columbus},
  Editor                   = {Germ\'an F. Westphal and Benjamin Ao and Hee-Rahk Chase},
  Pages                    = {93--108}
}

@InCollection{geraci-cecchetto:2013,
  Title                    = {Neglected ccase of rightward movement. When wh-phrases and negative quantifiers go to the right},
  Author                   = {Carlo Geraci and Carlo Cecchetto},
  Booktitle                = {Rightward movement in a comparative perspective},
  Publisher                = {John Benjamins},
  Year                     = {2013},
  Editor                   = {Gert Webelhuth and Manfred Sailer and Heike Walker},
  Pages                    = {211--242},
  Owner                    = {Norman},
  Timestamp                = {2013.12.03}
}

@PhdThesis{gonzalez:2005,
  Title                    = {A grammar of {Tapiete}},
  Author                   = {Hebe Alicia Gonz\'alez},
  School                   = {University of Pittsburgh},
  Year                     = {2005},
  Owner                    = {Norman},
  Timestamp                = {2013.12.03}
}

@Book{green:2007,
  Title                    = {Focus in {Hausa}},
  Author                   = {Melanie Green},
  Publisher                = {Blackwell},
  Year                     = {2007},
  Address                  = {Oxford},
  Owner                    = {Norman},
  Timestamp                = {2013.10.29}
}

@InCollection{greenberg:1963,
  Title                    = {Some universals of grammar with particular reference to the order of meaningful elements},
  Author                   = {Joseph H. Greenberg},
  Booktitle                = {Universals of language},
  Publisher                = {MIT Press},
  Year                     = {1963},
  Editor                   = {Joseph H. Greenberg},
  Pages                    = {73--113},
  Owner                    = {wny500},
  Timestamp                = {2013.05.24}
}

@Book{haan:2002,
  Title                    = {Speaking of questions: An exploration of {Dutch} question intoation},
  Author                   = {Judith Haan},
  Publisher                = {LOT},
  Year                     = {2002},
  Address                  = {Utrecht},
  Owner                    = {Norman},
  Timestamp                = {2013.10.29}
}

@PhdThesis{hagstrom:1998,
  Title                    = {Decomposing Questions},
  Author                   = {Paul Alan Hagstrom},
  School                   = {Massachusetts Institute of Technology},
  Year                     = {1998},
  Owner                    = {Norman},
  Timestamp                = {2010.09.08}
}

@Article{hamblin:1973,
  Title                    = {Questions in {Montague English}},
  Author                   = {Charles L. Hamblin},
  Journal                  = {Foundations of Language},
  Year                     = {1973},
  Pages                    = {41-53},
  Volume                   = {10},
  Owner                    = {Norman},
  Timestamp                = {2010.08.02}
}

@Article{heath:1986,
  Title                    = {Syntactic and lexical aspects of nonconfigurationality in {Nunggubuyu (Australia)}},
  Author                   = {Jeffrey Heath},
  Journal                  = {National Language and Linguistic Theory},
  Year                     = {1986},
  Pages                    = {375--408},
  Volume                   = {4}
}

@PhdThesis{hoji:1985,
  Title                    = {Logical form constraints and the configurational structures in {Japanese}},
  Author                   = {Hajime Hoji},
  School                   = {University of Washington},
  Year                     = {1985},
  Owner                    = {Norman},
  Timestamp                = {2012.08.22}
}

@Article{huang:1982a,
  Title                    = {Move wh in a language without wh movement},
  Author                   = {C. T. James Huang},
  Journal                  = {The Linguistic Review},
  Year                     = {1982},
  Pages                    = {369--416},
  Volume                   = {1}
}

@Book{jackendoff:1972,
  Title                    = {Semantic interpretation in generative grammar},
  Author                   = {Ray Jackendoff},
  Publisher                = {MIT Press},
  Year                     = {1972},
  Address                  = {Cambridge},
  Owner                    = {Norman},
  Timestamp                = {2013.12.01}
}

@PhdThesis{jeanne:1978,
  Title                    = {Aspects of {Hopi} grammar},
  Author                   = {Laverne Masayesva Jeanne},
  School                   = {Massachusetts Institute of Technology},
  Year                     = {1978},
  Owner                    = {wny500},
  Timestamp                = {2013.06.18}
}

@Book{jensen:1982,
  Title                    = {Part\'iculas en {Wayap\'i}},
  Author                   = {Cheryl Jensen},
  Publisher                = {Summer Institute of Linguistics},
  Year                     = {1982},
  Address                  = {Bel\'em do Par\'a},
  Owner                    = {Norman},
  Timestamp                = {2014.11.11}
}

@Article{karttunen:1977,
  Title                    = {Syntax and semantics of questions},
  Author                   = {Lauri Karttunen},
  Journal                  = {Linguistics and Philosophy},
  Year                     = {1977},
  Pages                    = {3--44},
  Volume                   = {1},
  Owner                    = {Norman},
  Timestamp                = {2010.08.02}
}

@PhdThesis{kaufman:1975,
  Title                    = {Theoretical responses to {Navajo} questions},
  Author                   = {Ellen Schauber Kaufman},
  School                   = {Massachusetts Institute of Technology},
  Year                     = {1975},
  Owner                    = {Norman},
  Timestamp                = {2013.12.03}
}

@Book{kayne:1994,
  Title                    = {The Antisymmetry of Syntax},
  Author                   = {Richard Kayne},
  Publisher                = {Cambridge, MA: MIT Press},
  Year                     = {1994},
  Owner                    = {Norman},
  Timestamp                = {2008.12.15}
}

@PhdThesis{kim:2006,
  Title                    = {Intervention effects in questions},
  Author                   = {Shin-Sook Kim},
  School                   = {University of Frankfurt},
  Year                     = {2006},
  Owner                    = {Norman},
  Timestamp                = {2013.10.24}
}

@InCollection{kimper:2006,
  Title                    = {Question formation in the {Karonga} dialect of {Tumbuka}},
  Author                   = {Wendell A. Kimper},
  Booktitle                = {Selected proceedings of the 36th {Annual Conference on African Linguistics}},
  Publisher                = {Cascadilla},
  Year                     = {2006},
  Address                  = {Somerville, MA},
  Editor                   = {Olaoba F. Arasanyin and Michael A. Pemberton},
  Pages                    = {75--79},
  Owner                    = {Norman},
  Timestamp                = {2013.08.25}
}

@Article{kishimoto:1992,
  Title                    = {{LF} pied piping: Evidence from {Sinhala}},
  Author                   = {Hideki Kishimoto},
  Journal                  = {Gengo Kenkyuu},
  Year                     = {1992},
  Pages                    = {46-86},
  Volume                   = {102},
  Owner                    = {Norman},
  Timestamp                = {2012.08.19}
}

@Article{kishimoto:2005,
  Title                    = {Wh-in-situ in Sinhala questions},
  Author                   = {Hideki Kishimoto},
  Journal                  = {Natural Language \& Linguistic Theory},
  Year                     = {2005},
  Pages                    = {1-51},
  Volume                   = {23},
  Owner                    = {Norman},
  Timestamp                = {2010.09.08}
}

@Book{koopman:1984,
  Title                    = {The syntax of verbs: From verb movement rules in the {Kru} languages to Universal Grammar},
  Author                   = {Hilda Koopman},
  Publisher                = {Foris},
  Year                     = {1984},
  Address                  = {Dordrecht},
  Owner                    = {Norman},
  Timestamp                = {2010.09.24}
}

@Article{koopman-sportiche:1986,
  Title                    = {A note on long extraction in {Vata} and the {ECP}},
  Author                   = {Hilda Koopman and Dominique Sportiche},
  Journal                  = {Natural Languge and Linguistic Theory},
  Year                     = {1986},
  Pages                    = {357--374},
  Volume                   = {4},
  Owner                    = {Norman},
  Timestamp                = {2013.08.14}
}

@InCollection{kratzer:1998,
  Title                    = {Scope or pseudo-scope? Are there wide-scope indefinites?},
  Author                   = {Angelika Kratzer},
  Booktitle                = {Events in grammar},
  Publisher                = {Kluwer},
  Year                     = {1998},
  Address                  = {Dordrecht},
  Editor                   = {Susan Rothstein},
  Pages                    = {163--196},
  Owner                    = {norman},
  Timestamp                = {2015.10.28}
}

@Book{lenneberg:1967,
  Title                    = {Biological foundations of language},
  Author                   = {Eric Heinz Lenneberg},
  Publisher                = {John Wiley \& Sons},
  Year                     = {1967},
  Address                  = {New York},
  Owner                    = {Norman},
  Timestamp                = {2013.07.03}
}

@PhdThesis{li:2006,
  Title                    = {Chinese final particles and the syntax of the periphery},
  Author                   = {Boya Li},
  School                   = {Leiden University},
  Year                     = {2006},
  Owner                    = {Norman},
  Timestamp                = {2010.08.28}
}

@Article{lim:2007,
  Title                    = {Mergers and acquisitions: On the ages and origins of {Singapore English} Particles},
  Author                   = {Lisa Lim},
  Journal                  = {World Englishes},
  Year                     = {2007},
  Pages                    = {446--473},
  Volume                   = {26},
  Owner                    = {Norman},
  Timestamp                = {2007.03.09}
}

@Article{lin:1998,
  Title                    = {Distributivity in {Chinese} and its Implications},
  Author                   = {Lin, Jo-Wang},
  Journal                  = {Natural Language Semantics},
  Year                     = {1998},
  Pages                    = {210-243},
  Volume                   = {6},
  Owner                    = {Norman},
  Timestamp                = {2009.03.12}
}

@Article{mathieu:2004,
  Title                    = {The mapping of form and interpretation: The case of optional wh-movement in {French}},
  Author                   = {Eric Mathieu},
  Journal                  = {Lingua},
  Year                     = {2004},
  Pages                    = {1090-1132},
  Volume                   = {114},
  Owner                    = {Norman},
  Timestamp                = {2010.07.27}
}

@Book{mchombo:2004,
  Title                    = {The syntax of {Chichewa}},
  Author                   = {Sam Mchombo},
  Publisher                = {CUP},
  Year                     = {2004},
  Address                  = {Cambridge},
  Owner                    = {Norman},
  Timestamp                = {2013.08.26}
}

@Book{mcleod-mitchell:2003,
  Title                    = {Aspectos da l\'ingua {Xavante}},
  Author                   = {Ruth {McLeod} and Valerie Mitchell},
  Publisher                = {Summer Institute of Linguistics},
  Year                     = {2003},
  Address                  = {Cuiab{\'a}},
  Owner                    = {wny500},
  Timestamp                = {2013.06.24}
}

@Book{miyaoka:2012,
  Title                    = {A grammar of {Central} {Alaskan} {Yupik} {(CAY)}},
  Author                   = {Osahito Miyaoka},
  Publisher                = {De Gruyter Mouton},
  Year                     = {2012},
  Address                  = {Berlin},
  Owner                    = {Norman},
  Timestamp                = {2015.10.16}
}

@Article{munaro-poletto:2003,
  Title                    = {Sentential particles and clausal typing in the {Veneto} dialects},
  Author                   = {Nicola Munaro and Cecilia Poletto},
  Journal                  = {University of Venice Working Papers in Linguistics},
  Year                     = {2003},
  Pages                    = {126--154},
  Volume                   = {13},
  Owner                    = {Norman},
  Timestamp                = {2013.08.25}
}

@Book{newman:2000,
  Title                    = {The {Hausa} language: An encyclopedic reference grammar},
  Author                   = {Paul Newman},
  Publisher                = {Yale University Press},
  Year                     = {2000},
  Address                  = {New Haven},
  Owner                    = {Norman},
  Timestamp                = {2013.08.26}
}

@PhdThesis{nkemnji:1995,
  Title                    = {Heavy pied-piping in {Nweh}},
  Author                   = {Michael Akamin Nkemnji},
  School                   = {UCLA},
  Year                     = {1995},
  Owner                    = {Norman},
  Timestamp                = {2013.08.26}
}

@Article{omoruyi:1988,
  Title                    = {On the formation of questions in {Edo}},
  Author                   = {Thomas O. Omoruyi},
  Journal                  = {Journal of African Languages and Linguistics},
  Year                     = {1988},
  Pages                    = {19--31},
  Volume                   = {10},
  Owner                    = {Norman},
  Timestamp                = {2013.06.20}
}

@Article{omoruyi:1989,
  Title                    = {Focus and question formation in {Edo}},
  Author                   = {Thomas O. Omoruyi},
  Journal                  = {Studies in African Linguistics},
  Year                     = {1989},
  Pages                    = {279--300},
  Volume                   = {20},
  Owner                    = {wny500},
  Timestamp                = {2013.06.20}
}

@Article{potsdam:2009,
  Title                    = {Austronesian verb-initial languages and wh-question strategies},
  Author                   = {Eric Potsdam},
  Journal                  = {Natural Language and Linguistic Theory},
  Year                     = {2009},
  Pages                    = {737--771},
  Volume                   = {27},
  Owner                    = {wny500},
  Timestamp                = {2013.06.26}
}

@Article{reinhart:1997,
  Title                    = {Quantifer scope: How labor is divided between {QR} and choice functions},
  Author                   = {Tanya Reinhart},
  Journal                  = {Linguistics and Philosophy},
  Year                     = {1997},
  Pages                    = {335--397},
  Volume                   = {20},
  Owner                    = {norman},
  Timestamp                = {2015.10.28}
}

@PhdThesis{richards:1997,
  Title                    = {What moves where in which language},
  Author                   = {Norvin W. Richards},
  School                   = {Massachusetts Institute of Technology},
  Year                     = {1997},
  Owner                    = {Norman},
  Timestamp                = {2010.09.13}
}

@InCollection{rizzi:1997,
  Title                    = {The fine structure of the left periphery},
  Author                   = {Luigi Rizzi},
  Booktitle                = {Elements of Grammar: Handbook of Generative Syntax},
  Publisher                = {Kluwer Academic Publishers},
  Year                     = {1997},
  Address                  = {Dordrecht},
  Editor                   = {Liliane Haegeman},
  Pages                    = {281-337},
  Owner                    = {Norman},
  Timestamp                = {2011.09.18}
}

@InCollection{rizzi:2001,
  Title                    = {On the position {`Int(errogative)'} in the left periphery of the clause},
  Author                   = {Luigi Rizzi},
  Booktitle                = {Current Studies in {Italian} syntax},
  Publisher                = {Elsevier-North Holland},
  Year                     = {2001},
  Editor                   = {Guglielmo Cinque and Giampaolo Salvi},
  Pages                    = {287--296},
  Owner                    = {Norman},
  Timestamp                = {2013.08.27}
}

@InCollection{rlc:2006,
  Title                    = {Movement, wh-agreement, and apparent wh-in-situ},
  Author                   = {Chris H. Reintges and Philip LeSourd and Sandra Chung},
  Booktitle                = {Wh-movement: Moving on},
  Publisher                = {MIT Press},
  Year                     = {2006},
  Address                  = {Cambridge, MA},
  Editor                   = {Lisa Lai-Shen Cheng and Norbert Corver},
  Pages                    = {165--194},
  __markedentry            = {[wny500:6]},
  Journal                  = {CURRENT STUDIES IN LINGUISTICS SERIES}
}

@InCollection{roberts-holmberg:2010,
  Title                    = {Parameters in minimalist theory},
  Author                   = {Ian Roberts and Anders Holmberg},
  Booktitle                = {Parametric variation: Null subjects in minimalist theory},
  Publisher                = {CUP},
  Year                     = {2010},
  Address                  = {Cambridge},
  Editor                   = {Theresa Biberauer and Anders Holmberg and Ian Roberts and Michelle Sheehan},
  Pages                    = {1--57},
  Owner                    = {Norman},
  Timestamp                = {2014.10.29}
}

@PhdThesis{rooth:1985,
  Title                    = {Association with focus},
  Author                   = {Mats Edward Rooth},
  School                   = {University of Massachusetts},
  Year                     = {1985},
  Owner                    = {Norman},
  Timestamp                = {2011.12.31}
}

@PhdThesis{ross:1967,
  Title                    = {Constraints on variables in syntax},
  Author                   = {John Ross},
  School                   = {MIT},
  Year                     = {1967},
  Owner                    = {Norman},
  Timestamp                = {2013.12.01}
}

@Article{rudin:1988,
  Title                    = {On multiple quesitons and multiple wh-fronting},
  Author                   = {Catherine Rudin},
  Journal                  = {Natural Language and Linguistic Theory},
  Year                     = {1988},
  Pages                    = {445--501},
  Volume                   = {6},
  Owner                    = {Norman},
  Timestamp                = {2015.10.22}
}

@PhdThesis{slade:2011,
  Title                    = {Formal and philological inquiries into the nature of interrogatives, indefinites, disjunction, and focus in {Sinhala} and other languages},
  Author                   = {Benjamin Martin Slade},
  School                   = {University of Illinois at Urbana-Champaign},
  Year                     = {2011},
  Owner                    = {Norman},
  Timestamp                = {2013.06.30}
}

@InCollection{szabolcsi:1997c,
  Title                    = {Strategies for Scope Taking},
  Author                   = {Anna Szabolcsi},
  Booktitle                = {Ways of Scope Taking},
  Publisher                = {Kluwer Academic Publishers},
  Year                     = {1997},
  Address                  = {Dordrecht},
  Editor                   = {Anna Szabolcsi},
  Pages                    = {109-154}
}

@Article{tanaka:1997,
  Title                    = {Invisible movement in \emph{sika-nai} and the {Linear Crossing Constraint}},
  Author                   = {Hidekazu Tanaka},
  Journal                  = {Journal of East Asian Linguistics},
  Year                     = {1997},
  Pages                    = {143--188},
  Volume                   = {6},
  Owner                    = {Norman},
  Timestamp                = {2013.10.25}
}

@PhdThesis{tanaka:1998,
  Title                    = {Conditions on {Logical Form} derivations and representations},
  Author                   = {Hidekazu Tanaka},
  School                   = {McGill University},
  Year                     = {1998},
  Owner                    = {Norman},
  Timestamp                = {2010.09.23}
}

@Unpublished{turano:1995,
  Title                    = {On indefinite elements in {Albanian}},
  Author                   = {Giuseppina Turano},
  Note                     = {Unpublished ms., Florence},
  Year                     = {1995}
}

@Book{wals:2013,
  Title                    = {{The World Atlas of Language Structures Online}},
  Editor                   = {Matthew S. Dryer and Martin Haspelmath},
  Publisher                = {Max Planck Digital Library},
  Year                     = {2013},
  Address                  = {Munich},
  Comment                  = {Accessed on 22-05-2013},
  Owner                    = {Norman},
  Timestamp                = {2013.05.23},
  URL                      = {Available online at http://wals.info/}
}

@InCollection{wals116:2013,
  Title                    = {Polar Questions},
  Author                   = {Matthew S. Dryer},
  Booktitle                = {The World Atlas of Language Structures Online},
  Publisher                = {Max Planck Institute for Evolutionary Anthropology},
  Year                     = {2013},
  Address                  = {Leipzig},
  Editor                   = {Matthew S. Dryer and Martin Haspelmath},
  URL                      = {http://wals.info/chapter/116}
}

@InCollection{wals140:2013,
  Title                    = {Question particles in sign languages},
  Author                   = {Ulrike Zeshan},
  Booktitle                = {The World Atlas of Language Structures Online},
  Publisher                = {Max Planck Institute for Evolutionary Anthropology},
  Year                     = {2013},
  Address                  = {Leipzig},
  Chapter                  = {140},
  Editor                   = {Matthew S. Dryer and Martin Haspelmath},
  Owner                    = {Norman},
  Timestamp                = {2013.05.23}
}

@InCollection{wals46:2011,
  Title                    = {Indefinite pronouns},
  Author                   = {Martin Haspelmath},
  Booktitle                = {The World Atlas of Language Structures Online},
  Publisher                = {Max Planck Digital Library},
  Year                     = {2011},
  Address                  = {Munich},
  Chapter                  = {46},
  Editor                   = {Matthew S. Dryer and Martin Haspelmath},
  Comment                  = {Accessed on 22-05-2013},
  Owner                    = {Norman},
  Timestamp                = {2013.05.23},
  URL                      = {Available online at http://wals.info/chapter/46}
}

@InCollection{wals81a:2011,
  Title                    = {Order of subject, object and verb},
  Author                   = {Matthew S. Dryer},
  Booktitle                = {The World Atlas of Language Structures Online},
  Publisher                = {Max Planck Digital Library},
  Year                     = {2011},
  Address                  = {Munich},
  Chapter                  = {81},
  Editor                   = {Matthew S. Dryer and Martin Haspelmath},
  Comment                  = {Accessed on 22-05-2013},
  Owner                    = {Norman},
  Timestamp                = {2013.05.23},
  URL                      = {Available online at http://wals.info/chapter/92}
}

@InCollection{wals92:2013,
  Title                    = {Position of Polar Question Particles},
  Author                   = {Matthew S. Dryer},
  Booktitle                = {The World Atlas of Language Structures Online},
  Publisher                = {Max Planck Digital Library},
  Year                     = {2013},
  Address                  = {Leipzig},
  Chapter                  = {92},
  Editor                   = {Matthew S. Dryer and Martin Haspelmath},
  Comment                  = {Accessed on 22-05-2013},
  Owner                    = {Norman},
  Timestamp                = {2013.05.23},
  URL                      = {Available online at http://wals.info/chapter/92}
}

@Article{watanabe:1992,
  Title                    = {Subjacency and {S}-structure Movement of wh-in-situ},
  Author                   = {Akira Watanabe},
  Journal                  = {Journal of East Asian Linguistics},
  Year                     = {1992},
  Pages                    = {255-291},
  Volume                   = {1},
  Owner                    = {Norman},
  Timestamp                = {2010.07.27}
}

@Article{xiang:2008,
  Title                    = {Plurality, maximality and scalar inferences: A case study of {Mandarin} \emph{dou}},
  Author                   = {Ming Xiang},
  Journal                  = {Journal of East Asian Linguistics},
  Year                     = {2008},
  Pages                    = {227-245},
  Volume                   = {17},
  Owner                    = {Norman},
  Timestamp                = {2011.07.08}
}

@InCollection{xu:2006,
  Title                    = {Topicalization in {Asian} languages},
  Author                   = {Liejiong Xu},
  Booktitle                = {The {Blackwell} Companion to Syntax},
  Publisher                = {Blackwell},
  Year                     = {2006},
  Address                  = {Oxford},
  Chapter                  = {73},
  Editor                   = {Martin Everaert and Henk van Riemsdijk},
  Pages                    = {136--174},
  Volume                   = {V},
  Owner                    = {Norman},
  Timestamp                = {2013.12.01}
}

@PhdThesis{yeo:2010,
  Title                    = {Unifying Optional wh-movement},
  Author                   = {Norman Yeo},
  School                   = {University of York},
  Year                     = {2010},
  Owner                    = {nyeo},
  Timestamp                = {2011.07.19}
}

@Article{yeo:2011,
  Title                    = {Explaining and unifying optional wh-movement},
  Author                   = {Norman Yeo},
  Journal                  = {Linguistic Analysis},
  Year                     = {2011},
  Pages                    = {143--188},
  Volume                   = {37},
  Owner                    = {Norman},
  Timestamp                = {2013.11.11}
}

@Article{yoon:2004,
  Title                    = {Unified clausal approach to wh-constructions in {Korean} revisited: An analysis based on reanalysis},
  Author                   = {Jeong-Me Yoon},
  Journal                  = {Studies in Generative Grammar},
  Year                     = {2004},
  Number                   = {1},
  Pages                    = {3--38},
  Volume                   = {14},
  Owner                    = {Norman},
  Timestamp                = {2013.08.26}
}

@Article{zimmerman:1980,
  Title                    = {Force and sense},
  Author                   = {David Zimmerman},
  Journal                  = {Mind},
  Year                     = {1980},
  Pages                    = {214--233},
  Volume                   = {89},
  Owner                    = {Norman},
  Timestamp                = {2013.12.11}
}

@comment{jabref-meta: selector_author:}

@comment{jabref-meta: selector_journal:}

@comment{jabref-meta: selector_keywords:}

@comment{jabref-meta: selector_publisher:}

@comment{jabref-meta: selector_review:}

